
@article{LING2022,
    author =       {Yantao Ling, Jing Xu, M. Ali Ülkü},
    title =        {A game-theoretic analysis of the impact of government subsidy on optimal product greening and pricing decisions in a duopolistic market},
    journal =      {Journal of Cleaner Production},
    volume =       {338},
    year =         {2022},
    DOI =          {https://doi.org/10.1016/j.jclepro.2021.130028}
}

@article{ULKU2021,
    author =       {M. Ali Ülkü, Alexander Engau},
    title =        {Sustainable Supply Chain Analytics},
    journal =      {Encyclopedia of the UN Sustainable Development Goals. Springer, Cham.},
    pages =        {1-12},
    year =         {2021},
    DOI =          {https://doi.org/10.1007/978-3-319-71059-4_117-1}
}

@article{conrad2005price,
  title={Price competition and product differentiation when consumers care for the environment},
  author={Conrad, Klaus},
  journal={Environmental and Resource Economics},
  volume={31},
  pages={1--19},
  year={2005},
  publisher={Springer}
}

@article{Krass2013,
    author =       {Krass D., Nedorezov T., Ovchinnikov A.},
    title =        {Environmental Taxes and the Choice of Green Technology},
    journal =      {Production and Operations Management},
    volume =       {22},
    pages =        {1035-1055},
    year =         {2013},
    DOI =          {https://doi.org/10.1111/poms.12023}
}

@article{Brecard2011,
    author =       {Brécard, D},
    title =        {Environmental Tax in a Green Market},
    journal =      {Environ Resource Econ},
    volume =       {49},
    pages =        {387–403},
    year =         {2011},
    DOI =          {https://doi.org/10.1007/s10640-010-9438-6}
}

@article{Yu2019,
    author =       {Wei Yu, Ruizhu Han},
    title =        {The impact of pollution taxation on competitive green product choice strategies},
    journal =      {Computers \& Industrial Engineering},
    volume =       {137},
    year =         {2019},
    DOI =          {https://doi.org/10.1016/j.cie.2019.106012}
}

@article{yenipazarli2019incentives,
  title={Incentives for environmental research and development: Consumer preferences, competitive pressure and emissions taxation},
  author={Yenipazarli, Arda},
  journal={European Journal of Operational Research},
  volume={276},
  number={2},
  pages={757--769},
  year={2019},
  publisher={Elsevier}
}
@article{drake2018carbon,
  title={Carbon tariffs: Effects in settings with technology choice and foreign production cost advantage},
  author={Drake, David F},
  journal={Manufacturing \& Service Operations Management},
  volume={20},
  number={4},
  pages={667--686},
  year={2018},
  publisher={INFORMS}
}

@article{CRAWFORD1982,
    author =       {Vincent P. Crawford and Joel Sobel},
    title =        {Strategic Information Transmission},
    journal =      {Econometrica},
    volume =       {50},
    papers =       {1431-1451},
    year =         {1982},
    DOI =          {https://doi.org/10.2307/1913390}
}

@article{LYON2020,
    author = {Mireille Chiroleu‐Assouline \& Thomas P. Lyon"},
    title = {Merchants of doubt: Corporate political action when NGO credibility is uncertain},
    journal ={Journal of Economics \& Management Strategy},
    volume =       {29},
    papers =       {439-461},
    year= {2020},
    DOI = {10.1111/jems.12338}
}
@techreport{EID2024,
    author = {Atanas Kolev, Timothy Randall},
    title= {The effect of uncertainty on investment: Evidence from EU survey data},
    institution = {European Investment Bank},
    year={2024},
}

@article{Balser2016emissions,
    author = {Markus Balser, Thomas Fromm, Klaus Ott},
    title = {The emissions scandal - a debacle for the entire auto industry},
    journal = {Süddeutsche Zeitung},
    year = {2016},
}